%==============================================================================
% define all referenced literature
% see https://de.wikipedia.org/wiki/BibTeX#Literaturtypen_.28Entry_Types.29 for type description
% see http://www.bibtex.org/Using/de/ for bibtex usage
%==============================================================================

@misc{CS20,
    author = {{Scott Chacon and Ben Straub}},
    title = {Pro Git EVERYTHING YOU NEED TO KNOW ABOUT GIT},
    year = {2020},
    howpublished = "\url{https://git-scm.com/book/en/v2}"
}

@book{LM12,
  author = {{Jon Loeliger and Matthew McCullough}}, 
  title = {Version Control with Git},
  year = {2012},
  publisher = {O\'REILLY},
  isbn = {ISBN 978-1-449-31638-9}
}

@misc{El21,
    author = {{Matthes Elstermann}},
    title = {Thoughts and Concepts on Subject Oriented Business Process Management \& Modelling},
    year = {2021},
    howpublished = "\url{https://subjective-me.jimdofree.com/visio-modelling/}"
}